@article{hu2024metric3d,
  author={Hu, Mu and Yin, Wei, and Zhang, Chi and Cai, Zhipeng and Long, Xiaoxiao and Chen, Hao, and Wang, Kaixuan and Yu, Gang and Shen, Chunhua and Shen, Shaojie},
  title={Metric3D v2: A Versatile Monocular Geometric Foundation Model for Zero-shot Metric Depth and Surface Normal Estimation},
  booktitle={arXiv},
  eprint={2404.15506},
  year={2024},
}

@article{du20243drealcar,
  title={3DRealCar: An In-the-wild RGB-D Car Dataset with 360-degree Views},
  author={Du, Xiaobiao and Sun, Haiyang and Wang, Shuyun and Wu, Zhuojie and Sheng, Hongwei and Ying, Jiaying and Lu, Ming and Zhu, Tianqing and Zhan, Kun and Yu, Xin},
  journal={arXiv preprint arXiv:2406.04875},
  year={2024}
}

@misc{mast3r_arxiv24,
      title={Grounding Image Matching in 3D with MASt3R}, 
      author={Vincent Leroy and Yohann Cabon and Jerome Revaud},
      year={2024},
      eprint={2406.09756},
      archivePrefix={arXiv},
      primaryClass={cs.CV}
}

@inproceedings{dust3r_cvpr24,
      title={DUSt3R: Geometric 3D Vision Made Easy}, 
      author={Shuzhe Wang and Vincent Leroy and Yohann Cabon and Boris Chidlovskii and Jerome Revaud},
      booktitle = {CVPR},
      year = {2024}
}